% This file was created with JabRef 2.10b2.
% Encoding: UTF-8


@Article{ivoaarchitecture,
  Title                    = {IVOA Architecture},
  Author                   = {Arviset, Christophe and Gaudet, Severin and others},
  Journal                  = {arXiv preprint arXiv:1106.0291},
  Year                     = {2011}
}

@InCollection{Borne2013,
  Title                    = {Virtual {O}bservatories, {D}ata {M}ining, and {A}stroinformatics},
  Author                   = {Borne, K.},
  Booktitle                = {Planets, Stars and Stellar Systems},
  Publisher                = {Springer},
  Year                     = {2013},

  Address                  = {Dordrecht},
  Editor                   = {H.E. Bond},
  Pages                    = {409--443},
  Volume                   = {2}
}

@Unpublished{DeYoung2010,
  Title                    = {A {V}ision for the {US} {V}irtual {A}stronomical {O}bservatory},
  Author                   = {De Young, D.},
  Note                     = {Retrieved from \url{http://www.usvao.org/documents/VAOVisionDocumentOct2010c.pdf}},

  Month                    = {October},
  Year                     = {2010}
}

@InProceedings{Gaudet2011,
  Title                    = {Virtualization and Grid Utilization within the CANFAR Project},
  Author                   = {Gaudet, S. and Armstrong, P. and Ball, N. and Chapin, E. and Dowler, P. and Gable, I. and Goliath, S. and Fabbro, S. and Ferrarese, L. and Gwyn, S. and Hill, N. and Jenkins, D. and Kavelaars, J. J. and Major, B. and Ouellette, J. and Paterson, M. and Peddle, M. and Pritchet, C. and Schade, D. and Sobie, R. and Woods, D. and Woodley, K. and Yeung, A.},
  Booktitle                = {Astronomical Data Analysis Software and Systems XX (ADASSXX)},
  Year                     = {2011},

  Owner                    = {mauricio},
  Timestamp                = {2014.01.29}
}

@TechReport{Graham2007,
  Title                    = {VOSpace service specification},
  Author                   = {Graham, Matthew and Paul Harrison and Dave Morris and Guy Rixon},
  Institution              = {International Virtual Observatory Alliance (IVOA)},
  Year                     = {2007},

  Owner                    = {mauricio},
  Timestamp                = {2014.01.29}
}

@InProceedings{Graham2012,
  Title                    = {Connecting the time domain community with the Virtual Astronomical Observatory},
  Author                   = {Matthew J. Graham and S. G. Djorgovski and Ciro Donalek and Andrew J. Drake and Ashish A. Mahabal and Raymond L. Plante and Jeffrey Kantor and John C. Good},
  Booktitle                = {Proc. SPIE 8448, Observatory Operations: Strategies, Processes, and Systems IV},
  Year                     = {2012},

  Owner                    = {mauricio},
  Timestamp                = {2014.01.29}
}

@Unpublished{HanischQuinn2003,
  Title                    = {The {I}nternational {V}irtual {O}bservatory},
  Author                   = {Hanisch, R. and Quinn, P.},
  Note                     = {Retrieved from \url{http://www.ivoa.net/about/TheIVOA.pdf}},
  Year                     = {2003}
}

@Article{Hanisch2012,
  Title                    = {Science Initiatives of the us Virtual Astronomical Observatory},
  Author                   = {Hanisch, Robert J.},
  Journal                  = {Baltic Astronomy, Vol. 21},
  Year                     = {2012},

  Owner                    = {mauricio},
  Timestamp                = {2014.01.29}
}

@Unpublished{IshiharaMizumotoOhishiKawaray2004,
  Title                    = {Construction of {J}apanese {V}irtual {O}bservatory ({JVO})},
  Author                   = {Ishihara, Y. and Mizumoto, Y. and Ohishi, M. and Kawaray, K.},
  Note                     = {Retrieved from \url{http://www.fujitsu.com/downloads/MAG/vol40-2/paper05.pdf}},

  Month                    = {September},
  Year                     = {2004}
}

@InProceedings{Laurino2013,
  Title                    = {Extending Iris: The VAO SED Analysis Tool},
  Author                   = {Laurino, O. and Busko, I. and Cresitello-Dittmar, M. and D'Abrusco, R. and Doe, S. and Evans, J. and Pevunova, O.},
  Booktitle                = {Astronomical Data Analysis Software and Systems XXII (ADASS XXII)},
  Year                     = {2013},

  Owner                    = {mauricio},
  Timestamp                = {2014.01.29}
}

@InProceedings{McGlynn2013,
  Title                    = {Running a distributed virtual observatory: U.S. Virtual Astronomical Observatory operations},
  Author                   = {Thomas A. McGlynn and Robert J. Hanisch and G. Bruce Berriman and Aniruddha R. Thakar},
  Booktitle                = {Proc. SPIE 8448, Observatory Operations: Strategies, Processes, and Systems IV},
  Year                     = {2013},

  Owner                    = {mauricio},
  Timestamp                = {2014.01.29}
}

@InCollection{SchadeDowlerDurand2004,
  Title                    = {The {C}anadian {V}irtual {O}bservatory {P}roject},
  Author                   = {Schade, D. and Dowler, P. and Durand, D. and Simard, L. and Hill, N. and Gaudet, S.},
  Booktitle                = {Toward and International Virtual Observatory},
  Publisher                = {Springer},
  Year                     = {2004},

  Address                  = {Dordrecht},
  Editor                   = {H.E. Bond},
  Pages                    = {31--36}
}

