@misc{website:bravo-home,
      author = "Brazilian Virtual Observatory",
      title = "{BRAVO}-{B}razilian {V}irtual {O}bservatory",
      howpublished = "\url{http://www.lna.br/bravo/}",
      year = "(n.d.)"
}

@misc{website:cvo-home,
      author = "Canadian Virtual Observatory",
      title = "Canadian {V}irtual {O}bservatory",
      howpublished = "\url{http://www.cadc-ccda.hia-iha.nrc-cnrc.gc.ca/cvo/}",
      year = "(n.d.)"
}

@misc{website:nova-home,
      author = "Nuevo Observatorio Virtual Argentino",
      title = "{NOVA} :: {ARGENTINE VIRTUAL OBSERVATORY} :: {WWW.NOVA.ORG.AR}",
      howpublished = "\url{http://nova.conicet.gov.ar/}",
      year = "2011",
}

@misc{website:vao-home,
      author = "US Virtual Astronomical Observatory",
      title = "{US} {V}irtual {A}stronomical {O}bservatory",
      howpublished = "\url{http://www.usvao.org/}",
      year = "2013",
}

@misc{website:arvo-home,
      author = "Armenian Virtual Observatory",
      title = "Armenian {V}irtual {O}bservatory",
      howpublished = "\url{http://www.aras.am/Arvo/main.htm }",
      year = "(n.d.)"
}

@misc{website:hvo-home,
      author = "Hungarian Virtual Observatory",
      title = "{HVO} - {M}agyar {V}irtu\`{a}lis {O}bszervat\`{o}rium",
      howpublished = "\url{http://hvo.elte.hu/en/}",
      year = "2013"
}

@misc{website:astrogrid-home,
      author = "AstroGrid",
      title = "Astro{G}rid",
      howpublished = "\url{http://www.astrogrid.org/}",
      year = "2012"
}

@misc{website:esa-vo-home,
      author = "European Space Agency Virtual Observatory",
      title = "{ESA}-{VO} {P}roject - {H}ome {P}age",
      howpublished = "\url{http://www.sciops.esa.int/index.php?project=ESAVO}",
      year = "2013"
}

@misc{website:euro-vo-home,
      author = "European Virtual Observatory",
      title = "The {E}uropean {V}irtual {O}bservatory {EURO}-{VO} | {E}uro-{VO}",
      howpublished = "\url{http://www.euro-vo.org/}",
      year = "(n.d.)"
}

@misc{website:gavo-home,
      author = "German Astrophysical Virtual Observatory",
      title = "{GAVO} {H}ome{P}age",
      howpublished = "\url{http://www.g-vo.org/}",
      year = "(n.d.)"
}

@misc{website:svo-home,
      author = "Spanish Virtual Observatory",
      title = "Spanish {V}irtual {O}bservatory",
      howpublished = "\url{http://svo.cab.inta-csic.es/main/index.php}",
      year = "(n.d.)"
}

@misc{website:vobs.it-home,
      author = "Italian Virtual Observatory",
      title = "Welcome to the {F}rontpage",
      howpublished = "\url{http://vobs.astro.it/}",
      year = "2013",
}

@misc{website:china-vo-home,
      author = "Chinese Virtual Observatory",
      title = "Chinese {V}irtual {O}bservatory",
      howpublished = "\url{http://www.china-vo.org/}",
      year = "2013"
}

@misc{website:jvo-home,
      author = "Japanese Virtual Observatory",
      title = "{JVO}",
      howpublished = "\url{http://jvo.nao.ac.jp/index-e.html}",
      year = "2012",
}

@misc{website:rvo-home,
      author = "Russian Virtual Observatory",
      title = "{RUSSIAN VIRTUAL OBSERVATORY}",
      howpublished = "\url{http://www.inasan.rssi.ru/eng/rvo/}",
      year = "(n.d.)"
}

@misc{website:voi-home,
      author = "Virtual Observatory India",
      title = "Virtual {O}bservatory {I}ndia",
      howpublished = "\url{http://voi.iucaa.ernet.in/~voi/}",
      year = "(n.d.)"
}
