@techreport{SPECT,
	author = "P. J. Lewis and A. Siegel and A. M. Siegel and C. Studholme and Sojko- va and J. and D. W. Roberts et. al.",
	title = "Does performing image registration and subtraction in ictal brain SPECT help localize neocortical seizures?",
	year = "2000",
	institution = "Department of Radiology", 
	address = "USA",
}

