@article{votable,
  title={IVOA Recommendation: VOTable format definition version 1.2},
  author={Ochsenbein, Fran{\c{c}}ois and Williams, Roy and Davenhall, Clive and Durand, Daniel and Fernique, Pierre and Giaretta, David and Hanisch, Robert and McGlynn, Tom and Szalay, Alex and Taylor, Mark B and others},
  journal={arXiv preprint arXiv:1110.0524},
  year={2011}
}

@misc{arch,
    title = {IVOA Architecture Level 2},
    howpublished = {\url{http://csrg.cl/~jantogni/chivo/arquitectura_2.png}},
    @year = {2009},
    note = {Online; accessed 07-03-2013},
    }

@misc{sia,
  title={Simple Image Access Specification},
  author={Tody, Doug and Plante, Ray},
  year={2004},
  publisher={IVOA Recommendation Version}
}

@article{scs,
  title={Simple Cone Search Version 1.03},
  author={Williams, Roy and Hanisch, Robert and Szalay, Alex and Plante, Ray},
  journal={IVOA Data Access Layer WG Reccommendation},
  year={2008}
}

@article{tap,
  title={Table access protocol version 1.0},
  author={Dowler, Patric and Rixon, Guy and Tody, Doug and Andrews, K and Good, J and Hanisch, R and Lemson, G and McGlynn, T and Noddle, K and Ochsenbein, F and others},
  journal={IVOA Recommendation, March},
  year={2010}
}

@article{ssa,
  title={Simple Spectral Access Protocol},
  author={Tody, D and Dolensky, M and McDowell, J and Bonnarel, F and others},
  journal={http://www. ivoa. net/Documents/REC/DAL/SSA-20080201. pdf. IVOA Standards},
  year={2008}
}

@article{kborne,
  title={Astroinformatics: a 21st century approach to astronomy},
  author={Borne, Kirk D},
  journal={arXiv preprint arXiv:0909.3892},
  year={2009}
}

@article{ivoa,
  title={International virtual observatory alliance},
  author={Ohishi, Masatoshi},
  journal={Proceedings of the International Astronomical Union},
  volume={2},
  number={14},
  pages={528--529},
  year={2006},
  publisher={Cambridge Univ Press}
}

@article{galex,
  title={The Galaxy Evolution Explorer: A space ultraviolet survey mission},
  author={Martin, D Christopher and Fanson, James and Schiminovich, David and Morrissey, Patrick and Friedman, Peter G and Barlow, Tom A and Conrow, Tim and Grange, Robert and Jelinsky, Patrick N and Milliard, Bruno and others},
  journal={The Astrophysical Journal Letters},
  volume={619},
  number={1},
  pages={L1},
  year={2005},
  publisher={IOP Publishing}
}

@incollection{sloan,
  title={Sloan digital sky survey},
  author={Kent, Stephen M},
  booktitle={Science with Astronomical Near-Infrared Sky Surveys},
  pages={27--30},
  year={1994},
  publisher={Springer}
}

@article{alma,
  title={The Atacama large millimeter/submillimeter array},
  author={Wootten, Alwyn and Thompson, A Richard},
  journal={Proceedings of the IEEE},
  volume={97},
  number={8},
  pages={1463--1471},
  year={2009},
  publisher={IEEE}
}

@inproceedings{pan,
  title={Pan-STARRS: a wide-field optical survey telescope array},
  author={Kaiser, Nicholas},
  booktitle={Astronomical Telescopes and Instrumentation},
  pages={11--22},
  year={2004},
  organization={International Society for Optics and Photonics}
}

@article{obscore,
  title={Observation Data Model Core Components and its Implementation in the Table Access Protocol},
  author={Louys, Mireille and Bonnarel, Francois and Schade, David and Dowler, Patrick and Micol, Alberto and Durand, Daniel and Tody, Doug and Michel, Laurent and Salgado, Jesus and Chilingarian, Igor and others},
  year={2011}
}
