@misc{website:alma-home,
      author       = "Alejandro Peredo",
      title        = "Home",
      howpublished = "\url{http://almaobservatory.org/}",
      year         = "(n.d.)",
}

@misc{website:arvo-home,
      author       = "Armenian Virtual Observatory",
      title        = "Armenian {V}irtual {O}bservatory",
      howpublished = "\url{http://www.aras.am/Arvo/main.htm}",
      year         = "(n.d.)",
}

@misc{website:astrogrid-home,
      author       = "AstroGrid",
      title        = "Astro{G}rid",
      howpublished = "\url{http://www.astrogrid.org/}",
      year         = "2012",
}

@misc{website:ALMA_EMS,
      author       = "Atacama Large Milimeter/sub-milimeter Array (ALMA)",
      title        = "A{LMA} {B}asics - {W}elcome to the {S}cience {P}ortal at
                      {NRAO}",
      howpublished = "\url{https://almascience.nrao.edu/about-alma/alma-basics}",
      year         = "(2013)"
}

@misc{website:aus-vo-home,
      author       = "Astrophysics Group",
      title        = "Aus-{VO} - {T}he {A}ustralian {V}irtual {O}bservatory",
      howpublished = "\url{http://www.aus-vo.org/}",
      year         = "(n.d.)",
}

@incollection{Borne2013,
      author    = "Borne, K.",
      title     = "Virtual {O}bservatories, {D}ata {M}ining, and
                   {A}stroinformatics",
      editor    = "H.E. Bond",
      booktitle = "Planets, Stars and Stellar Systems",
      volume    = "2",
      pages     = "409--443",
      address   = "Dordrecht",
      year      = "2013",
      publisher = "Springer",
}

@misc{website:bravo-home,
      author       = "Brazilian Virtual Observatory",
      title        = "{BRAVO}-{B}razilian {V}irtual {O}bservatory",
      howpublished = "\url{http://www.lna.br/bravo/}",
      year         = "(n.d.)",
}

@misc{website:BAO_EMS,
      author       = "Byurakan Astrophysical Observatory",
      title        = "Byurakan {A}strophysical {O}bservatory",
      howpublished = "\url{http://www.bao.am/history.htm}",
      year         = "(2008)"
}

@misc{website:china-vo-home,
      author       = "Chinese Virtual Observatory",
      title        = "Chinese {V}irtual {O}bservatory",
      howpublished = "\url{http://www.china-vo.org/}",
      year         = "2013",
}

@misc{website:chivo-home,
      author       = "Chilean Virtual Observatory",
      title        = "Chi{VO} -  {C}hilean {V}irtual {O}bservatory",
      howpublished = "\url{http://www.chivo.cl/}",
      year         = "2013",
}

@misc{website:cvo-home,
      author       = "Canadian Virtual Observatory",
      title        = "Canadian {V}irtual {O}bservatory",
      howpublished = "\url{http://www.cadc-ccda.hia-iha.nrc-cnrc.gc.ca/cvo/}",
      year         = "(n.d.)",
}


@unpublished{DeYoung2010,
      author    = "De Young, D.",
      title     = "A {V}ision for the {US} {V}irtual {A}stronomical
                   {O}bservatory",
      year      = "2010",
      month     = "October",
      note      = "Retrieved from
                   \url{http://www.usvao.org/documents/VAOVisionDocumentOct2010c.pdf}",
}

@misc{website:esa-vo-home,
      author       = "European Space Agency Virtual Observatory",
      title        = "{ESA}-{VO} {P}roject - {H}ome {P}age",
      howpublished = "\url{http://www.sciops.esa.int/index.php?project=ESAVO}",
      year         = "2013",
}

@misc{website:euro-vo-home,
      author       = "European Virtual Observatory",
      title        = "The {E}uropean {V}irtual {O}bservatory {EURO}-{VO} |
                      {E}uro-{VO}",
      howpublished = "\url{http://www.euro-vo.org/}",
      year         = "(n.d.)",
}

@misc{website:gavo-home,
      author       = "German Astrophysical Virtual Observatory",
      title        = "{GAVO} {H}ome{P}age",
      howpublished = "\url{http://www.g-vo.org/}",
      year         = "(n.d.)",
}

@unpublished{HanischQuinn2003,
      author  = "Hanisch, R. and Quinn, P.",
      title   = "The {I}nternational {V}irtual {O}bservatory",
      year    = "2003",
      note   = "Retrieved from \url{http://www.ivoa.net/about/TheIVOA.pdf}",
}

@misc{website:hvo-home,
      author       = "Hungarian Virtual Observatory",
      title        = "{HVO} - {M}agyar {V}irtu\`{a}lis {O}bszervat\`{o}rium",
      howpublished = "\url{http://hvo.elte.hu/en/}",
      year         = "2013",
}

@misc{website:HCT_EMS,
      author       = "Indian Institute of Astrophysics",
      title        = "iao\_telescope $ | $ {I}ndian {I}nstitute of {A}strophysics",
      howpublished = "\url{http://www.iiap.res.in/iao_telescope}",
      year         = "(2008)"
}

@misc{website:ivoa-home,
      author       = "International Virtual Observatory Alliance",
      title        = "{IVOA}.net",
      howpublished = "\url{http://www.ivoa.net/}",
      year         = "2013",
}

@unpublished{IshiharaMizumotoOhishiKawaray2004,
      author    = "Ishihara, Y. and Mizumoto, Y. and Ohishi, M. and Kawaray,
                   K.",
      title     = "Construction of {J}apanese {V}irtual {O}bservatory ({JVO})",
      year      = "2004",
      month     = "September",
      note      = "Retrieved from
                   \url{http://www.fujitsu.com/downloads/MAG/vol40-2/paper05.pdf}",
}

@misc{website:HASTA_EMS,
      author       = "Instituto de Astronom\'{i}a y F\'{i}sica del Espacio
                      (IAFE)",
      title        = "H{ASTA} {H}ome {P}age",
      howpublished = "\url{http://www.oafa.fcefn.unsj-cuim.edu.ar/hasta/}",
      year         = "2005"
}

@misc{website:vobs.it-home,
      author       = "Italian Virtual Observatory",
      title        = "Welcome to the {F}rontpage",
      howpublished = "\url{http://vobs.astro.it/}",
      year         = "2013",
}

@misc{website:jvo-home,
      author       = "Japanese Virtual Observatory",
      title        = "{JVO}",
      howpublished = "\url{http://jvo.nao.ac.jp/index-e.html}",
      year         = "2012",
}

@misc{website:Chandra_EMS,
      author       = "National Aeronautics and Space Administration (NASA)",
      title        = "Chandra :: {A}bout {C}handra :: {S}cience {I}nstruments",
      howpublished = "\url{http://chandra.harvard.edu/about/science_instruments.html}",
      year         = "(2013)"
}

@misc{website:nova-home,
      author       = "Nuevo Observatorio Virtual Argentino",
      title        = "{NOVA} :: {ARGENTINE VIRTUAL OBSERVATORY} ::
                      {WWW.NOVA.ORG.AR}",
      howpublished = "\url{http://nova.conicet.gov.ar/}",
      year         = "2011",
}

@misc{website:reuna-home,
      author       = "Red {U}niversitaria {N}acional",
      title        = "{REUNA}",
      howpublished = "\url{http://www.reuna.cl/}",
      year         = "(n.d.)",
}

@misc{website:rvo-home,
      author       = "Russian Virtual Observatory",
      title        = "{RUSSIAN VIRTUAL OBSERVATORY}",
      howpublished = "\url{http://www.inasan.rssi.ru/eng/rvo/}",
      year         = "(n.d.)",
}

@misc{website:rvo-resources,
      author       = "Russian Virtual Observatory",
      title        = "Russian {V}irtual {O}bservatory: {R}ussian and f{SU}
                       {A}stronomical {R}esources",
      howpublished = "\url{http://www.inasan.rssi.ru/eng/rvo/rus_res.html}",
      year         = "(n.d.)",
}

@misc{website:sa3-home,
      author       = "SA3",
      title        = "www.sa3.ac.za",
      howpublished = "\url{http://www.sa3.ac.za/}",
      year         = "2013",
}

@incollection{SchadeDowlerDurand2004,
      author    = "Schade, D. and Dowler, P. and Durand, D. and Simard, L. and
                   Hill, N. and Gaudet, S.",
      title     = "The {C}anadian {V}irtual {O}bservatory {P}roject",
      editor    = "H.E. Bond",
      booktitle = "Toward and International Virtual Observatory",
      pages     = "31--36",
      address   = "Dordrecht",
      year      = "2004",
      publisher = "Springer",
}

@misc{website:SOAR_EMS,
      author       = "Southern Astrophysical Research (SOAR)",
      title        = "About -- {S}outhern {A}strophysics {R}esearch {T}elescope",
      howpublished = "\url{http://voi.iucaa.ernet.in/~voi/}",
      year         = "(n.d.)"
}

@misc{website:HST_EMS,
      author       = "Space Telescope Science Institute (STScl)",
      title        = "Hubble{S}ite -- {T}he {T}elescope - {H}ubble {E}ssentials",
      howpublished = "\url{http://hubblesite.org/the_telescope/hubble_essentials/#how}",
      year         = "(n.d.)"
}

@misc{website:SST_EMS_1,
      author       = "Spitzer Science Center",
      title        = "N{ASA} {S}pitzer {S}pace {T}elescope",
      howpublished = "\url{http://www.spitzer.caltech.edu/}",
      year         = "(n.d.)"
}

@misc{website:SST_EMS_2,
      author       = "Spitzer Science Center",
      title        = "Sobre {S}pitzer",
      howpublished = "\url{http://legacy.spitzer.caltech.edu/espanol/sobre/index.shtml}",
      year         = "(n.d.)"
}

@misc{website:svo-home,
      author       = "Spanish Virtual Observatory",
      title        = "Spanish {V}irtual {O}bservatory",
      howpublished = "\url{http://svo.cab.inta-csic.es/main/index.php}",
      year         = "(n.d.)",
}

@misc{website:Subaru_EMS,
      author       = "Subaru Telescope",
      title        = "Observational {I}nstruments - {S}ubaru {T}elescope",
      howpublished = "\url{http://subarutelescope.org/Introduction/instrument.html}",
      year         = "(2013)"
}

@misc{website:ukrvo-home,
      author       = "Ukrainian Virtual Observatory",
      title        = "{U}krainian {V}irtual {O}bservatory - ",             
      howpublished = "\url{http://ukr-vo.org/}",                             
      year         = "(n.d.)",                                                    
}     

@misc{website:vao-home,
      author       = "US Virtual Astronomical Observatory",
      title        = "{US} {V}irtual {A}stronomical {O}bservatory",
      howpublished = "\url{http://www.usvao.org/}",
      year         = "2013",
}

@misc{website:voi-home,
      author       = "Virtual Observatory India",
      title        = "Virtual {O}bservatory {I}ndia",
      howpublished = "\url{http://voi.iucaa.ernet.in/~voi/}",
      year         = "(n.d.)"
}

@misc{website:france-vo-home,
      author       = "Observatoire Virtuel France",
      title        = "www.france-vo.org",
      howpublished = "\url{http://www.france-vo.org/}",
      year         = "(n.d.)"
}
