@inproceedings{antognini2014chilean,
  title={Chilean Virtual Observatory services implementation for the ALMA public data},
  author={Antognini, Jonathan and Solar, Mauricio and Ibsen, Jorge and Araya, Mauricio and Nyman, Lars and Mardones, Diego and Valenzuela, Camilo and Ramirez, Patricio and Fernandez, Christopher and Garces, Mario},
  booktitle={SPIE Astronomical Telescopes+ Instrumentation},
  pages={91522P--91522P},
  year={2014},
  organization={International Society for Optics and Photonics}
}


@inproceedings{wenger2000simbad,
  title={The SIMBAD astronomical database},
  author={Wenger, Marc and Ochsenbein, Fran{\c{c}}ois and Egret, Daniel and Dubois, Pascal and Bonnarel, Fran{\c{c}}ois and Borde, Suzanne and Genova, Fran{\c{c}}oise and Jasniewicz, G{\'e}rard and Lalo{\"e}, Suzanne and Lesteven, Soizick and others},
  journal={arXiv preprint astro-ph/0002110},
  year={2000}
}

@inproceedings{williams2006ivoa,
  title={IVOA Documents, Simple Cone Search Version 1.00},
  author={Williams, R and Hanisch, R and Szalay, A},
  year={2006}
}


 
