% This file was created with JabRef 2.10b2.
% Encoding: UTF-8


@Article{ivoaarchitecture,
  Title                    = {IVOA Architecture},
  Author                   = {Arviset, Christophe and Gaudet, Severin and others},
  Journal                  = {arXiv preprint arXiv:1106.0291},
  Year                     = {2011}
}

@Article{Beeson2003,
  Title                    = {A distributed-data implementation of the perspective shear-warp volume rendering algorithm for visualisation of large astronomical cubes},
  Author                   = {Brett Beeson and David G. Barnes and Paul D. Bourke},
  Journal                  = {Publications of the Astronomical Society of Australia},
  Year                     = {2003},

  Owner                    = {mauricio},
  Timestamp                = {2014.01.29}
}

@InCollection{Borne2013,
  Title                    = {Virtual {O}bservatories, {D}ata {M}ining, and {A}stroinformatics},
  Author                   = {Borne, K.},
  Booktitle                = {Planets, Stars and Stellar Systems},
  Publisher                = {Springer},
  Year                     = {2013},

  Address                  = {Dordrecht},
  Editor                   = {H.E. Bond},
  Pages                    = {409--443},
  Volume                   = {2}
}

@Article{Cardiel2011,
  Title                    = {{TESELA}: a new Virtual Observatory tool to determine blank fields for astronomical observations},
  Author                   = {N. Cardiel and F.M. Jiménez-Esteban and J.M. Alacid and E. Solano and M. Aberasturi},
  Journal                  = {Monthly Notices of the Royal Astronomical Society},
  Year                     = {2011},

  Owner                    = {mauricio},
  Timestamp                = {2014.01.29}
}

@Misc{CarvalhoXXXX,
  Title                    = {The Virtual Observatory - A New Era for Astronomy},

  Author                   = {Reinaldo R. de Carvalho and Roy Gal and Haroldo C. Velho and Hugo V. Capelato and Francesco La Barbera and Eduardo Charles and Renata Rocha and João L. K. Moreira and Paulo A. Lopes and Marcelle Soares-Santos},
  HowPublished             = {White Paper at http://www.lna.br/bravo/files/whitepaper.pdf},

  Owner                    = {mauricio},
  Timestamp                = {2014.01.29}
}

@Article{Cui2012,
  Title                    = {Enhanced management of personal astronomical data with FITSManager},
  Author                   = {Chenzhou Cui and Dongwei Fan and Yongheng Zhao and Ajit Kembhavi and Boliang He and Zihuang Cao and Jian Li and Deoyani Nandrekar},
  Journal                  = {New Astronomy},
  Year                     = {2012},

  Owner                    = {mauricio},
  Timestamp                = {2014.01.29}
}

@Book{Briukhov2005,
  Title                    = {Information Infrastructure of the Russian Virtual Observatory (RVO).},
  Author                   = {Briukhov D.O. and Kalinichenko L.A. and Zakharov V.N. and Panchuk V.E. and Vitkovsky V.V. and Zhelenkova O.P. and Dluzhnevskaya O.B. and Malkov O.Yu. and Kovaleva D.A},
  Publisher                = {IPI RAN},
  Year                     = {2005},

  Owner                    = {mauricio},
  Timestamp                = {2014.01.30}
}

@Unpublished{DeYoung2010,
  Title                    = {A {V}ision for the {US} {V}irtual {A}stronomical {O}bservatory},
  Author                   = {De Young, D.},
  Month                    = {October},
  Year                     = {2010}
}

@InProceedings{Dobos2006,
  Title                    = {New Features in the Spectrum Services for the Virtual Observatory},
  Author                   = {Dobos, L. and Budavári, T. and Csabai, I. and Szalay, A. S.},
  Booktitle                = {Astronomical Data Analysis Software and Systems XV ASP Conference Series},
  Year                     = {2006},

  Owner                    = {mauricio},
  Timestamp                = {2014.01.29}
}

@InProceedings{Gaudet2011,
  Title                    = {Virtualization and Grid Utilization within the CANFAR Project},
  Author                   = {Gaudet, S. and Armstrong, P. and Ball, N. and Chapin, E. and Dowler, P. and Gable, I. and Goliath, S. and Fabbro, S. and Ferrarese, L. and Gwyn, S. and Hill, N. and Jenkins, D. and Kavelaars, J. J. and Major, B. and Ouellette, J. and Paterson, M. and Peddle, M. and Pritchet, C. and Schade, D. and Sobie, R. and Woods, D. and Woodley, K. and Yeung, A.},
  Booktitle                = {Astronomical Data Analysis Software and Systems XX (ADASSXX)},
  Year                     = {2011},

  Owner                    = {mauricio},
  Timestamp                = {2014.01.29}
}

@TechReport{Graham2007a,
  Title                    = {VOSpace service specification},
  Author                   = {Graham, Matthew and Paul Harrison and Dave Morris and Guy Rixon},
  Institution              = {International Virtual Observatory Alliance (IVOA)},
  Year                     = {2007},

  Owner                    = {mauricio},
  Timestamp                = {2014.01.29}
}

@InProceedings{Graham2012,
  Title                    = {Connecting the time domain community with the Virtual Astronomical Observatory},
  Author                   = {Matthew J. Graham and S. G. Djorgovski and Ciro Donalek and Andrew J. Drake and Ashish A. Mahabal and Raymond L. Plante and Jeffrey Kantor and John C. Good},
  Booktitle                = {Proc. SPIE 8448, Observatory Operations: Strategies, Processes, and Systems IV},
  Year                     = {2012},

  Owner                    = {mauricio},
  Timestamp                = {2014.01.29}
}

@InProceedings{Graham2007,
  Title                    = {The National Virtual Observatory: Tools and Techniques for Astronomical Research},
  Author                   = {Graham, Matthew J. and Fitzpatrick, Michael J. and McGlynn, Thomas A.},
  Booktitle                = {Astronomical Society of the Pacific Conference Series},
  Year                     = {2007},

  Owner                    = {mauricio},
  Timestamp                = {2014.01.29}
}

@Unpublished{HanischQuinn2003,
  Title                    = {The {I}nternational {V}irtual {O}bservatory},
  Author                   = {Hanisch, R. and Quinn, P.},
  Year                     = {2003}
}

@Article{Hanisch2012,
  Title                    = {Science Initiatives of the us Virtual Astronomical Observatory},
  Author                   = {Hanisch, Robert J.},
  Journal                  = {Baltic Astronomy, Vol. 21},
  Year                     = {2012},

  Owner                    = {mauricio},
  Timestamp                = {2014.01.29}
}

@Unpublished{IshiharaMizumotoOhishiKawaray2004,
  Title                    = {Construction of {J}apanese {V}irtual {O}bservatory ({JVO})},
  Author                   = {Ishihara, Y. and Mizumoto, Y. and Ohishi, M. and Kawaray, K.},
  Month                    = {September},
  Year                     = {2004}
}

@InProceedings{Laurino2013,
  Title                    = {Extending Iris: The VAO SED Analysis Tool},
  Author                   = {Laurino, O. and Busko, I. and Cresitello-Dittmar, M. and D'Abrusco, R. and Doe, S. and Evans, J. and Pevunova, O.},
  Booktitle                = {Astronomical Data Analysis Software and Systems XXII (ADASS XXII)},
  Year                     = {2013},

  Owner                    = {mauricio},
  Timestamp                = {2014.01.29}
}

@InProceedings{Laurino2011,
  Title                    = {Vodka - A data keeping-up agent for the Virtual Observatory},
  Author                   = {Laurino, O. and Smareglia, R.},
  Booktitle                = {Astronomical Data Analysis Software and Systems XX. ASP Conference Proceedings,},
  Year                     = {2011},

  Owner                    = {mauricio},
  Timestamp                = {2014.01.29}
}

@InBook{Lawence2009,
  Title                    = {Astronomy: Networked Astronomy and the New Media},
  Author                   = {A. Lawrence},
  Chapter                  = {Drowning in Data: VO to the rescue},
  Publisher                = {Canopus},
  Year                     = {2009},

  Owner                    = {mauricio},
  Timestamp                = {2014.01.29}
}

@InProceedings{Lawrence2002,
  Title                    = {AstroGrid: powering the virtual observatory},
  Author                   = {Andy Lawrence},
  Booktitle                = {Proc. SPIE 4846, Virtual Observatories},
  Year                     = {2002},

  Owner                    = {mauricio},
  Timestamp                = {2014.01.29}
}

@InProceedings{Lemson2007,
  Title                    = {The German Astrophysical Virtual Observatory : Knowledge networking for astronomy in Germany and abroad},
  Author                   = {Gerard Lemson and Wolfgang Voges and Joachim Wambsganss},
  Booktitle                = {German e-Science Conference (GES 2007)},
  Year                     = {2007},

  Owner                    = {mauricio},
  Timestamp                = {2014.01.29}
}

@Book{Massaro2008,
  Title                    = {The Digitized First Byurakan Survey},
  Author                   = {Enrico Massaro and Areg Mickaelian and Roberto Nesci and Daniel Weedman},
  Publisher                = {ARACNE editrice (ISBN 978-88-548-2421-8)},
  Year                     = {2008},

  Owner                    = {mauricio},
  Timestamp                = {2014.01.29}
}

@InProceedings{McGlynn2013,
  Title                    = {Running a distributed virtual observatory: U.S. Virtual Astronomical Observatory operations},
  Author                   = {Thomas A. McGlynn and Robert J. Hanisch and G. Bruce Berriman and Aniruddha R. Thakar},
  Booktitle                = {Proc. SPIE 8448, Observatory Operations: Strategies, Processes, and Systems IV},
  Year                     = {2013},

  Owner                    = {mauricio},
  Timestamp                = {2014.01.29}
}

@Article{Mickaelian2008,
  Title                    = {Science with the Armenian Virtual Observatory (ArVO)},
  Author                   = {Mickaelian, A. M. and Sargsyan, L. A. and Gigoyan, K. S. and Erastova, L. K. and Sinamyan, P. K. and Hovhannisyan, L. R. and Massaro, E. and Nesci, R. and Rossi, C. and Gaudenzi, S. and Sclavi, S. and Cirimele, G. and Weedman, D. and Houck, J. and Barry, D. and Sarkissian, A. and Thuillot, W. and Berthier, J. and Prugniel, P. and Kochiashvili, I. and Mikayelyan, G. A.},
  Journal                  = {Romanian Astronomical Journal},
  Year                     = {2008},

  Owner                    = {mauricio},
  Timestamp                = {2014.01.29}
}

@InCollection{SchadeDowlerDurand2004,
  Title                    = {The {C}anadian {V}irtual {O}bservatory {P}roject},
  Author                   = {Schade, D. and Dowler, P. and Durand, D. and Simard, L. and Hill, N. and Gaudet, S.},
  Booktitle                = {Toward and International Virtual Observatory},
  Publisher                = {Springer},
  Year                     = {2004},

  Address                  = {Dordrecht},
  Editor                   = {H.E. Bond},
  Pages                    = {31--36}
}

@InProceedings{Shirasaki2009,
  Title                    = {The Japanese Virtual Observatory in Action},
  Author                   = {Shirasaki, Y. and Tanaka, M. and Ohishi, M. and Mizumoto, Y. and Kawanomoto, S. and Honda, S. and Yasuda, N. and Masunaga, Y. and Ishihara, Y. and Machida, Y. and Nakamoto, H. and Sakamoto, M.},
  Booktitle                = {Astronomical Data Analysis Software and Systems XVIII ASP Conference Series},
  Year                     = {2009},

  Owner                    = {mauricio},
  Timestamp                = {2014.01.29}
}

@InProceedings{Smareglia2001,
  Title                    = {VODance: VO Data Access Layer Service Creation Made Easy},
  Author                   = {Smareglia, R. and Laurino, O. and Knapic, C.},
  Booktitle                = {Astronomical Data Analysis Software and Systems XX. ASP Conference Proceedings},
  Year                     = {2011},

  Owner                    = {mauricio},
  Timestamp                = {2014.01.29}
}

@InProceedings{Tedds2008,
  Title                    = {Science with the Virtual Observatory: the AstroGrid VO Desktop},
  Author                   = {Jonathan A. Tedds},
  Booktitle                = {Instrumentation and Methods for Astrophysics (Multi wavelength astronomy and the Virtual Observatory conference)},
  Year                     = {2008},

  Owner                    = {mauricio},
  Timestamp                = {2014.01.29}
}

