@article{dowler2010table,
  title={Table access protocol version 1.0},
  author={Dowler, Patrick and Rixon, Guy and Tody, Doug and Andrews, K and Good, J and Hanisch, R and Lemson, G and McGlynn, T and Noddle, K and Ochsenbein, F and others},
  journal={IVOA Recommendation, March},
  year={2010}
}

@inproceedings{yasuda2004astronomical,
  title={Astronomical data query language: simple query protocol for the virtual observatory},
  author={Yasuda, Naoki and Mizumoto, Yoshihiko and Ohishi, Masatoshi and O'Mullane, William and Budav{\'a}ri, Tam{\'a}s and Haridas, Vivek and Li, Nolan and Malik, Tanu and Szalay, AS and Hill, Martin and others},
  booktitle={Astronomical Data Analysis Software and Systems (ADASS) XIII},
  volume={314},
  pages={293},
  year={2004}
}

@article{williams2008simple,
  title={Simple Cone Search Version 1.03},
  author={Williams, Roy and Hanisch, Robert and Szalay, Alex and Plante, Ray},
  journal={IVOA Data Access Layer WG Reccommendation},
  year={2008}
}

@article{tody2008simple,
  title={Simple Spectral Access Protocol},
  author={Tody, D and Dolensky, M and McDowell, J and Bonnarel, F and others},
  journal={http://www. ivoa. net/Documents/REC/DAL/SSA-20080201. pdf. IVOA Standards},
  year={2008}
}

@article{tody2004simple,
  title={Simple image access specification version 1.0},
  author={Tody, Doug and Plante, Ray and Harrison, Paul},
  journal={IVOA Recommendation},
  volume={20091111},
  year={2004}
}

@article{louys2011ivoa,
  title={IVOA Recommendation: Observation Data Model Core Components and its Implementation in the Table Access Protocol Version 1.0},
  author={Louys, Mireille and Bonnarel, Francois and Schade, David and Dowler, Patrick and Micol, Alberto and Durand, Daniel and Tody, Doug and Michel, Laurent and Salgado, Jesus and Chilingarian, Igor and others},
  journal={arXiv preprint arXiv:1111.1758},
  year={2011}
}

@article{petry2012analysing,
  title={Analysing ALMA data with CASA},
  author={Petry, Dirk and others},
  journal={arXiv preprint arXiv:1201.3454},
  year={2012}
}

@techreport{viallefond2009sdm,
  title={SDM Tables Short Description},
  author={Viallefond, F and Lucas, R},
  year={2009},
  institution={Tech. Rep. COMP-70.75. 00.00-007-A-DSN, Atacama Large Millimeter/submillimeter Array (apr 2010)}
}

@article{wells1981fits,
  title={FITS-a flexible image transport system},
  author={Wells, DC and Greisen, EW and Harten, RH},
  journal={Astronomy and Astrophysics Supplement Series},
  volume={44},
  pages={363},
  year={1981}
}

@misc{dachs,
    title = {GAVO DaCHS},
    howpublished = {\url{http://vo.ari.uni-heidelberg.de/soft/}},
    @year = {2013},
    note = {Online; accessed 04-24-2014},
    }

@misc{dachsorguide,
    title = {GAVO DaCHS},
    howpublished = {\url{http://docs.g-vo.org/DaCHS/opguide.html}},
    @year = {2011},
    note = {Online; accessed 04-24-2014},
    }

@misc{sesame,
    title = {Sesame},
    howpublished = {\url{http://cds.u-strasbg.fr/cgi-bin/Sesame}},
    @year = {2013},
    note = {Online; accessed 04-24-2014},
    }

@article{dent20132,
  title={2.“Superluminal” FITS File Processing on Multiprocessors: Zero Time Endian Conversion Technique “Superluminal” FITS File Processing on Multiprocessors: Zero Time Endian Conversion Technique (pp. 565-579)},
  author={Dent, WRF and Thi, WF and Kamp, I and Williams, JP and Menard, F and Andrews, S and Ardila, D and Aresu, G and Augereau, JC and y Navascues, D Barrado and others},
  journal={Publications of the Astronomical Society of the Pacific},
  volume={125},
  number={927},
  year={2013},
  publisher={JSTOR}
}

@misc{rixon2008universal,
  title={Universal Worker Service Version 0.5},
  author={Rixon, Guy and Harrison, Paul},
  year={2008},
  publisher={IVOA internal workingdraft 8th October}
}

@article{ochsenbein2011ivoa,
  title={IVOA Recommendation: VOTable format definition version 1.2},
  author={Ochsenbein, Fran{\c{c}}ois and Williams, Roy and Davenhall, Clive and Durand, Daniel and Fernique, Pierre and Giaretta, David and Hanisch, Robert and McGlynn, Tom and Szalay, Alex and Taylor, Mark B and others},
  journal={arXiv preprint arXiv:1110.0524},
  year={2011}
}

@article{roadmap,
  title={Astronomy, Technology, Industry. Roadmap for the Fostering of Technology development and innovation in the Field of Astronomy in Chile},
  author={CONICYT},
  year={2012}
}

@misc{graham2007vospace,
  title={VOSpace service specification, Version 1.01},
  author={Graham, Matthew and Harrison, Paul and Morris, Dave and Rixon, Guy},
  year={2007}
}